<?xml version="1.0" encoding="UTF-8"?><collection xmlns="http://www.loc.gov/MARC21/slim"><record><leader>00434nam--2200133-i-4500</leader><controlfield tag="001">000010982</controlfield><controlfield tag="002">20161230</controlfield><controlfield tag="005">20161230201029</controlfield><controlfield tag="008">060222s1000------------r-----000-0-eng-d</controlfield><datafield ind1=" " ind2=" " tag="100"><subfield code="a">Bertrand, Gerard</subfield></datafield><datafield ind1=" " ind2=" " tag="245"><subfield code="a">Systeme de comande et d enregistrement automat ique d un spectrometre magnetique 2 sans fer. /these</subfield></datafield><datafield ind1=" " ind2=" " tag="260"><subfield code="a">Grenoble, Faculte Des Sciences De L Universite De Grenoble, 1972</subfield></datafield><datafield ind1=" " ind2=" " tag="490"><subfield code="a">Vi + 129 P</subfield></datafield><datafield ind1=" " ind2=" " tag="852"><subfield code="a">543.51(043)</subfield></datafield></record></collection>